@article{Huang_Kueng_Preskill_2020, title={Predicting many properties of a quantum system from very few measurements}, volume={16}, url={https://www.nature.com/articles/s41567-020-0932-7}, DOI={10.1038/s41567-020-0932-7}, number={10}, journal={Nature Physics}, author={Huang, Hsin-Yuan and Kueng, Richard and Preskill, John}, year={2020}, pages={1050â€“1057}, language={en} }